<?xml version="1.0" encoding="UTF-8"?><record xmlns="http://www.loc.gov/MARC21/slim" xmlns:cinclude="http://apache.org/cocoon/include/1.0" xmlns:zs="http://www.loc.gov/zing/srw/">
  <leader>00386nz  a2200121n  4500</leader>
  <controlfield tag="001">nr 00028893 </controlfield>
  <controlfield tag="003">DLC</controlfield>
  <controlfield tag="005">20030612033106.0</controlfield>
  <controlfield tag="008">000912n| acannaabn          |n ana     c</controlfield>
  <datafield tag="010" ind1=" " ind2=" ">
    <subfield code="a">nr 00028893 </subfield>
  </datafield>
  <datafield tag="040" ind1=" " ind2=" ">
    <subfield code="a">NN-PD</subfield>
    <subfield code="b">eng</subfield>
    <subfield code="c">NN-PD</subfield>
  </datafield>
  <datafield tag="110" ind1="2" ind2=" ">
    <subfield code="a">Todd Studios (St. Louis, Mo.)</subfield>
  </datafield>
  <datafield tag="670" ind1=" " ind2=" ">
    <subfield code="a">NN Dance Div. files:</subfield>
    <subfield code="b">Variety dancing, photographs, recto, no. 568 (Todd Studios, St. Louis; photographic firm)</subfield>
  </datafield>
</record>